@report{OptimumRehearsalPatternsAndNameLearning,
  title        = {Optimum Rehearsal Patterns and Name Learning},
  author       = {Landauer, T. K. and Bjork, R. A},
  year         = {1978},
  url          = {https://web.archive.org/web/20150211223008/http://bjorklab.psych.ucla.edu/pubs/Landauer.Bjork.1978.pdf}
}

@misc{Tinycards,
  author       = {Duolingo},
  title        = {Tinycards Landing Page},
  url          = {https://web.archive.org/web/20160718080957/http://tinycards.duolingo.com/},
  year         = {2017}
}

@article{TinycardsShutdown,
  author          = {Duolingo},
  title           = {Tinycards Shutdown},
  year            = {2020},
  url             = {https://web.archive.org/web/20201110062104/https://forum.duolingo.com/comment/39200018}
}